%%% LITERATURE REVIEW GUIDES %%%
@ARTICLE{Okoli_2015,
	author = {Okoli, C.},
	title = {A guide to conducting a standalone systematic literature review},
	year = {2015},
	journal = {Communications of the Association for Information Systems},
	volume = {37},
	number = {1},
	pages = {879 – 910},
	doi = {10.17705/1cais.03743},
}

@ARTICLE{Popenoe_2021,
	author = {Popenoe, R. and Langius-Eklöf, A. and Stenwall, E. and Jervaeus, A.},
	title = {A practical guide to data analysis in general literature reviews},
	year = {2021},
	journal = {Nordic Journal of Nursing Research},
	volume = {41},
	number = {4},
	pages = {175 – 186},
	doi = {10.1177/2057158521991949},
}

@ARTICLE{Nightingale_2009,
	author = {Nightingale, Alison},
	title = {A guide to systematic literature reviews},
	year = {2009},
	journal = {Surgery},
	volume = {27},
	number = {9},
	pages = {381 – 384},
	doi = {10.1016/j.mpsur.2009.07.005},
}


%%% WRITING GUIDES %%%
@ARTICLE{Rosenfeldt_2000,
	author = {Rosenfeldt, Franklin L. and Dowling, John T. and Pepe, Salvatore and Fullerton, Meryl J.},
	title = {How to write a paper for publication},
	year = {2000},
	journal = {Heart Lung and Circulation},
	volume = {9},
	number = {2},
	pages = {82 – 87},
	doi = {10.1046/j.1444-2892.2000.00031.x},
}
@ARTICLE{Jha_2014,
	author = {Jha, Kirti Nath},
	title = {How to write articles that get published},
	year = {2014},
	journal = {Journal of Clinical and Diagnostic Research},
	volume = {8},
	number = {9},
	pages = {XG01 – XG03},
	doi = {10.7860/JCDR/2014/8107.4855},
}
@ARTICLE{Lin_2012,
	author = {Lin, P.Y. and Kuo, Y.R.},
	title = {A guide to write a scientific paper for new writers},
	year = {2012},
	journal = {Microsurgery},
	volume = {32},
	number = {1},
	pages = {80 – 85},
	doi = {10.1002/micr.20960},
}
@ARTICLE{Davidson_2012,
	author = {Davidson, A. and McD Taylor, D. and Babl, F.E.},
	title = {Review article: A primer for clinical researchers in the emergency department: Part III: How to write a scientific paper},
	year = {2012},
	journal = {EMA - Emergency Medicine Australasia},
	volume = {24},
	number = {4},
	pages = {357 – 362},
	doi = {10.1111/j.1742-6723.2012.01569.x},
}
@ARTICLE{Cuschieri_2019,
	author = {Cuschieri, S. and Grech, V. and Savona-Ventura, C.},
	title = {WASP (Write a Scientific Paper): Structuring a scientific paper},
	year = {2019},
	journal = {Early Human Development},
	volume = {128},
	pages = {114 – 117},
	doi = {10.1016/j.earlhumdev.2018.09.011},
}

% Publisher's guides
@misc{IEEE_guide,
    title={How to get published: Author guidelines for IEEE Computer Society Publications},
    url={https://www.computer.org/publications/author-resources/authors},
    % journal={Author Guidelines | IEEE Computer Society},
    journal={IEEE Computer Society},
    author={{IEEE}}
}
@misc{WIREs_guide,
    title={Author Guidelines},
    url={https://wires.onlinelibrary.wiley.com/hub/for_authors},
    % journal={Author guidelines | WIREs - Wiley Interdisciplinary Reviews},
    journal={WIREs - Wiley Interdisciplinary Reviews},
    author={{WIREs - Wiley Interdisciplinary Reviews}}
}
@misc{Elsevier_guide,
    title={Guide for authors},
    url={https://www.elsevier.com/journals/information-fusion/1566-2535/guide-for-authors},
    % journal={Guide for authors - Information Fusion - ISSN 1566-2535},
    journal={Information Fusion},
    author={{Elsevier}}
} 