% Introduction, ground work
@ARTICLE{Grimes_2018,
	author = {Grimes, D.R. and Bauch, C.T. and Ioannidis, J.P.A.},
	title = {Modelling science trustworthiness under publish or perish pressure},
	year = {2018},
	journal = {Royal Society Open Science},
	volume = {5},
	number = {1},
	doi = {10.1098/rsos.171511}
}

@ARTICLE{Bornmann_2015,
	author = {Bornmann, L. and Mutz, R.},
	title = {Growth rates of modern science: A bibliometric analysis based on the number of publications and cited references},
	year = {2015},
	journal = {Journal of the Association for Information Science and Technology},
	volume = {66},
	number = {11},
	pages = {2215 – 2222},
	doi = {10.1002/asi.23329}
}

@ARTICLE{Begley_2015,
	author = {Begley, C.G. and Ioannidis, J.P.A.},
	title = {Reproducibility in science: Improving the standard for basic and preclinical research},
	year = {2015},
	journal = {Circulation Research},
	volume = {116},
	number = {1},
	pages = {116 – 126},
	doi = {10.1161/CIRCRESAHA.114.303819},
}

@Article{Baker_2016,
    author={Baker, M.},
    title={1,500 scientists lift the lid on reproducibility},
    journal={Nature},
    year={2016},
    month={05},
    day={01},
    volume={533},
    number={7604},
    pages={452-454},
    issn={1476-4687},
    doi={10.1038/533452a},
}

@Article{fMRI_no_author,
    editor={{Nature Neuroscience}},
    title={Fostering reproducible fMRI research},
    journal={Nature Neuroscience},
    year={2017},
    month={03},
    day={01},
    volume={20},
    number={3},
    pages={298-298},
    issn={1546-1726},
    doi={10.1038/nn.4521},
}
@ARTICLE{Davies_2017,
	author = {Davies, B. and Felappi, G.},
	title = {Publish or Perish},
	year = {2017},
	journal = {Metaphilosophy},
	volume = {48},
	number = {5},
	pages = {745 – 761},
	doi = {10.1111/meta.12269},
}