%%% CONTENT ETHICAL/RESPONSIBLE AI %%%
@ARTICLE{Barredo_2020,
	author = {Barredo Arrieta, A. and Díaz-Rodríguez, N. and Del Ser, J. and Bennetot, A. and Tabik, S. and Barbado, A. and Garcia, S. and Gil-Lopez, S. and Molina, D. and Benjamins, R. and Chatila, R. and Herrera, F.},
	title = {Explainable Artificial Intelligence (XAI): Concepts, taxonomies, opportunities and challenges toward responsible AI},
	year = {2020},
	journal = {Information Fusion},
	volume = {58},
	pages = {82 – 115},
	doi = {10.1016/j.inffus.2019.12.012},
	publisher = {Elsevier B.V.}
}
@ARTICLE{Vakkuri_2020,
	author = {Vakkuri, Ville and Kemell, Kai-Kristian and Kultanen, Joni and Abrahamsson, Pekka},
	title = {The Current State of Industrial Practice in Artificial Intelligence Ethics},
	year = {2020},
	journal = {IEEE Software},
	volume = {37},
	number = {4},
	pages = {50 – 57},
	doi = {10.1109/MS.2020.2985621},
}
@ARTICLE{Ntoutsi_2020,
	author = {Ntoutsi, Eirini and Fafalios, Pavlos and Gadiraju, Ujwal and Iosifidis, Vasileios and Nejdl, Wolfgang and Vidal, Maria-Esther and Ruggieri, Salvatore and Turini, Franco and Papadopoulos, Symeon and Krasanakis, Emmanouil and Kompatsiaris, Ioannis and Kinder-Kurlanda, Katharina and Wagner, Claudia and Karimi, Fariba and Fernandez, Miriam and Alani, Harith and Berendt, Bettina and Kruegel, Tina and Heinze, Christian and Broelemann, Klaus and Kasneci, Gjergji and Tiropanis, Thanassis and Staab, Steffen},
	title = {Bias in data-driven artificial intelligence systems—An introductory survey},
	year = {2020},
	journal = {Wiley Interdisciplinary Reviews: Data Mining and Knowledge Discovery},
	volume = {10},
	number = {3},
	doi = {10.1002/widm.1356},
}

% NOT USED
@article{Caliskan_2017,
    author = {Caliskan, A.  and Bryson, J.J.  and Narayanan, A. },
    title = {Semantics derived automatically from language corpora contain human-like biases},
    journal = {Science},
    volume = {356},
    number = {6334},
    pages = {183-186},
    year = {2017},
    doi = {10.1126/science.aal4230}
}
@article{Neff_2016,
    author = {Neff, G. and Nagy, P.},
    year = {2016},
    month = {10},
    pages = {4915-4931},
    title = {Talking to Bots: Symbiotic Agency and the Case of Tay},
    volume = {10},
    journal = {International Journal of Communication}
}

% Source for the latter two
@ARTICLE{Winfield_2019,
	author = {Winfield, A.F. and Michael, K. and Pitt, J. and Evers, V.},
	title = {Machine ethics: The design and governance of ethical ai and autonomous systems},
	year = {2019},
	journal = {Proceedings of the IEEE},
	volume = {107},
	number = {3},
	pages = {509 – 517},
	doi = {10.1109/JPROC.2019.2900622},
	publisher = {Institute of Electrical and Electronics Engineers Inc.}
}


% Unusable examples
% Examples of papers I did not use in the final analysis
@ARTICLE{Mayhew_1993,
	author = {Mayhew, P.A.},
	title = {Evaluating research for use in practice.},
	year = {1993},
	journal = {Medsurg nursing : official journal of the Academy of Medical-Surgical Nurses},
	volume = {2},
	number = {6},
	pages = {496 – 498},
	url = {https://www.scopus.com/inward/record.uri?eid=2-s2.0-0027735893&partnerID=40&md5=72f6694c9e3ecd377456e7603cdcc58c}
}
@ARTICLE{Domholdt_1985,
	author = {Domholdt, E.A. and Malone, T.R.},
	title = {Evaluating research literature: The educated clinician},
	year = {1985},
	journal = {Physical Therapy},
	volume = {65},
	number = {4},
	pages = {487 – 491},
	doi = {10.1093/ptj/65.4.487},
}
@ARTICLE{Wade_2004,
	author = {Wade, M. and Hulland, J.},
	title = {Review: The resource-based view and information systems research: Review, extension, and suggestions for future research},
	year = {2004},
	journal = {MIS Quarterly: Management Information Systems},
	volume = {28},
	number = {1},
	pages = {107 – 142},
	doi = {10.2307/25148626},
	publisher = {Management Information Systems Research Center}
}
@ARTICLE{Biddle_2011,
	author = {Biddle, S.J.H. and Asare, M.},
	title = {Physical activity and mental health in children and adolescents: A review of reviews},
	year = {2011},
	journal = {British Journal of Sports Medicine},
	volume = {45},
	number = {11},
	pages = {886 – 895},
	doi = {10.1136/bjsports-2011-090185},
}
@ARTICLE{Polanczyk_2015,
	author = {Polanczyk, G.V. and Salum, G.A. and Sugaya, L.S. and Caye, A. and Rohde, L.A.},
	title = {Annual research review: A meta-analysis of the worldwide prevalence of mental disorders in children and adolescents},
	year = {2015},
	journal = {Journal of Child Psychology and Psychiatry and Allied Disciplines},
	volume = {56},
	number = {3},
	pages = {345 – 365},
	doi = {10.1111/jcpp.12381},
}
@ARTICLE{Wang_2002,
	author = {Wang, Z. and Bovik, A.C.},
	title = {A universal image quality index},
	year = {2002},
	journal = {IEEE Signal Processing Letters},
	volume = {9},
	number = {3},
	pages = {81 – 84},
	doi = {10.1109/97.995823},
}
@ARTICLE{Mittal_2012,
	author = {Mittal, A. and Moorthy, A.K. and Bovik, A.C.},
	title = {No-reference image quality assessment in the spatial domain},
	year = {2012},
	journal = {IEEE Transactions on Image Processing},
	volume = {21},
	number = {12},
	pages = {4695 – 4708},
	doi = {10.1109/TIP.2012.2214050},
}