% Birth of AI
@ARTICLE{Moor_2006,
	author = {Moor, J.},
	title = {The Dartmouth College Artificial Intelligence Conference: The next fifty years},
	year = {2006},
	journal = {AI Magazine},
	volume = {27},
	number = {4},
	pages = {87 – 91}
}

% Models for paper quality
@article{Klein_1999,
    ISSN = {02767783},
    URL = {http://www.jstor.org/stable/249410},
    author = {Heinz K. Klein and Michael D. Myers},
    journal = {MIS Quarterly},
    number = {1},
    pages = {67--93},
    publisher = {Management Information Systems Research Center, University of Minnesota},
    title = {A Set of Principles for Conducting and Evaluating Interpretive Field Studies in Information Systems},
    urldate = {2022-11-15},
    volume = {23},
    year = {1999}
}
@ARTICLE{Robey_1998,
	author = {Robey, Daniel and Markus, M. Lynne},
	title = {Beyond Rigor and Relevance: Producing Consumable Research about Information Systems},
	year = {1998},
	journal = {Information Resources Management Journal (IRMJ)},
	volume = {11},
	number = {1},
	pages = {7 – 16},
	doi = {10.4018/irmj.1998010101},
}
@book{rubin_2011,
    title={Qualitative interviewing: The art of hearing data},
    author={Rubin, Herbert J and Rubin, Irene S},
    year={2011},
    publisher={sage}
}

% Research question paper
@ARTICLE{Barroga_2022,
	author = {Barroga, Edward and Matanguihan, Glafera Janet},
	title = {A Practical Guide to Writing Quantitative and Qualitative Research Questions and Hypotheses in Scholarly Articles},
	year = {2022},
	journal = {Journal of Korean Medical Science},
	volume = {37},
	number = {16},
	doi = {10.3346/jkms.2022.37.e121},
	publisher = {Korean Academy of Medical Science}
}