%%% QUALITY %%%
@article{Martenson_2016,
    title = {Evaluating research: A multidisciplinary approach to assessing research practice and quality},
    journal = {Research Policy},
    volume = {45},
    number = {3},
    pages = {593-603},
    year = {2016},
    issn = {0048-7333},
    doi = {https://doi.org/10.1016/j.respol.2015.11.009},
    url = {https://www.sciencedirect.com/science/article/pii/S0048733315001845},
    author = {Mårtensson, P. and Fors, U. and Wallin, S.B. and Zander, U. and Nilsson, G.H.},
}

@BOOK{Katz_2006,
	author = {Katz, M.J.},
	title = {From research to manuscript: A guide to scientific writing},
	year = {2006},
	journal = {From Research to Manuscript: A Guide to Scientific Writing},
	pages = {1 – 152},
	doi = {10.1007/1-4020-4071-7},
	publisher = {Springer Netherlands}
}

@article{Kmet_2004,
    title = {Standard Quality Assessment Criteria for Evaluating Primary Research Papers from a Variety of Fields},
    journal = {HTA Initiative \#13},
    year = {2004},
    doi = {https://doi.org/10.7939/R37M04F16},
    url = {https://era.library.ualberta.ca/items/48b9b989-c221-4df6-9e35-af782082280e},
    author = {Kmet, L.M. and Cook, L.S. and Lee, R.C.},
}

% Snowballing
@ARTICLE{Greenhalgh_2005,
	author = {Greenhalgh, T. and Peacock, R.},
	title = {Effectiveness and efficiency of search methods in systematic reviews of complex evidence: Audit of primary sources},
	year = {2005},
	journal = {British Medical Journal},
	volume = {331},
	number = {7524},
	pages = {1064 – 1065},
	doi = {10.1136/bmj.38636.593461.68},
}

% Contributions
@ARTICLE{Chen_2022,
	author = {Chen, H. and Nguyen, H. and Alghamdi, A.},
	title = {Constructing a high-quality dataset for automated creation of summaries of fundamental contributions of research articles},
	year = {2022},
	journal = {Scientometrics},
	doi = {10.1007/s11192-022-04380-z},
	publisher = {Springer Science and Business Media B.V.}
}