%%% CONTENT IT STRATEGY %%%
@article{Sabherwal_2001,
    author = {Sabherwal, R. and Chan, Y.},
    year = {2001},
    month = {03},
    pages = {11-33},
    title = {Alignment Between Business and IS Strategies: A Study of Prospectors, Analyzers, and Defenders},
    volume = {12},
    journal = {Information Systems Research},
    doi = {10.1287/isre.12.1.11.9714}
}

@article{Matt_2015,
    author = {Matt, C. and Hess, T. and Benlian, A.},
    year = {2015},
    month = {09},
    pages = {339-343},
    title = {Digital Transformation Strategies},
    volume = {57},
    journal = {Business \& Information Systems Engineering},
    doi = {10.1007/s12599-015-0401-5}
}

@article{Bharadwaj_2013,
    author = {Bharadwaj, A. and El Sawy, O.A. and Pavlou, P.A. and Venkatraman, N.},
    title = {Digital Business Strategy: Toward a next Generation of Insights},
    year = {2013},
    issue_date = {June 2013},
    publisher = {Society for Information Management and The Management    Information Systems Research Center},
    address = {USA},
    volume = {37},
    number = {2},
    issn = {0276-7783},
    doi = {10.25300/MISQ/2013/37:2.3},
    journal = {MIS Q.},
    month = {6},
    pages = {471â€“482},
    numpages = {12},
}
